@article{Reitboeck1983,
    title = {{A 19-Channel Matrix Drive with Individually Controllable Fiber Microelectrodes for Neurophysiological Applications}},
    year = {1983},
    journal = {IEEE Transactions on Systems, Man and Cybernetics},
    author = {Reitboeck, Herbert J P},
    number = {5},
    pages = {676--683},
    volume = {SMC-13},
    doi = {10.1109/TSMC.1983.6313060},
    issn = {21682909}
}

@inproceedings{Ayala2014,
    title = {{A 6.7 MHz nanoelectromechanical ring oscillator using curved cantilever switches coated with amorphous carbon}},
    year = {2014},
    booktitle = {2014 44th European Solid State Device Research Conference (ESSDERC)},
    author = {Ayala, Christopher L. and Grogg, Daniel and Bazigos, Antonios and Badia, Montserrat Fernandez-Bolanos and Duerig, Urs T. and Despont, Michel and Hagleitner, Christoph},
    month = {9},
    pages = {66--69},
    publisher = {IEEE},
    url = {http://ieeexplore.ieee.org/document/6948759/},
    isbn = {978-1-4799-4376-0},
    doi = {10.1109/ESSDERC.2014.6948759}
}

@article{Guitchounts2013,
    title = {{A carbon-fiber electrode array for long-term neural recording}},
    year = {2013},
    journal = {Journal of Neural Engineering},
    author = {Guitchounts, Grigori and Markowitz, Jeffrey E. and Liberti, William A. and Gardner, Timothy J.},
    number = {4},
    volume = {10},
    isbn = {1741-2552 (Electronic){\textbackslash}n1741-2552 (Linking)},
    doi = {10.1088/1741-2560/10/4/046016},
    issn = {17412560},
    pmid = {23860226},
    arxivId = {NIHMS150003}
}

@article{Massey2018b,
    title = {{A high-density carbon fiber neural recording array technology}},
    year = {2018},
    author = {Massey, Travis L and Santacruz, Samantha R and Hou, Jason F and Pister, Kristofer S J and Carmena, Jose M and Michel, M}
}

@article{Massey2018,
    title = {{A High-Density Carbon Fiber Neural Recording Array Technology: Design, Fabrication, Assembly, and Validation}},
    year = {2018},
    journal = {PhD Dissertation},
    author = {Massey, Travis Lee}
}

@article{Lecomte2017,
    title = {{A review on mechanical considerations for chronically-implanted neural probes}},
    year = {2017},
    journal = {Journal of Neural Engineering},
    author = {Lecomte, Aziliz and Descamps, Emeline and Bergaud, Christian},
    publisher = {IOP Publishing},
    url = {http://iopscience.iop.org/article/10.1088/1741-2552/aa8b4f},
    isbn = {8609318914171},
    doi = {10.1088/1741-2552/aa8b4f},
    issn = {1741-2560},
    pmid = {28885187}
}

@article{Feingold2018,
    title = {{A system for recording neural activity chronically and simultaneously from multiple cortical and subcortical regions in nonhuman primates}},
    year = {2018},
    author = {Feingold, Joseph and Desrochers, Theresa M and Fujii, Naotaka and Harlan, Ray and Tierney, Patrick L and Shimazu, Hideki and Amemori, Ken-ichi and Graybiel, Ann M and Shimazu, H and Amemori, K and Am, Graybiel},
    pages = {1979--1995},
    doi = {10.1152/jn.00625.2011}
}

@article{Muthuswamy2005a,
    title = {{An array of microactuated microelectrodes for monitoring single-neuronal activity in rodents}},
    year = {2005},
    journal = {IEEE Transactions on Biomedical Engineering},
    author = {Muthuswamy, Jit and Okandan, Murat and Gilletti, Aaron and Baker, Michael S. and Jain, Tilak},
    number = {8},
    pages = {1470--1477},
    volume = {52},
    isbn = {0018-9294},
    doi = {10.1109/TBME.2005.851478},
    issn = {00189294},
    pmid = {16119243},
    keywords = {Action-potentials, BioMEMS, Brain-implants, Microactuators, Neuro-prosthesis}
}

@article{Schindler,
    title = {{An Electrostatic MEMS Filament Micromanipulator for Microrobots}},
    author = {Schindler, Craig B and Contreras, Daniel S and Greenspun, Joseph T and Pister, Kristofer S J},
    pages = {7--9}
}

@article{Schindlera,
    title = {{An Electrostatic MEMS Filament Micromanipulator for Microrobots}},
    author = {Schindler, Craig B and Contreras, Daniel S and Greenspun, Joseph and Pister, Kristofer S J},
    pages = {7--9}
}

@article{Clark2010,
    title = {{Chronic microsensors for longitudinal, subsecond dopamine detection in behaving animals.}},
    year = {2010},
    journal = {Nature methods},
    author = {Clark, Jeremy J and Sandberg, Stefan G and Wanat, Matthew J and Gan, Jerylin O and Horne, Eric A and Hart, Andrew S and Akers, Christina A and Parker, Jones G and Willuhn, Ingo and Martinez, Vicente and Evans, Scott B and Stella, Nephi and Phillips, Paul E M},
    number = {2},
    month = {2},
    pages = {126--9},
    volume = {7},
    publisher = {NIH Public Access},
    url = {http://www.ncbi.nlm.nih.gov/pubmed/20037591 http://www.pubmedcentral.nih.gov/articlerender.fcgi?artid=PMC2849934},
    doi = {10.1038/nmeth.1412},
    issn = {1548-7105},
    pmid = {20037591}
}

@article{Rousche1998,
    title = {{Chronic recording capability of the utah intracortical electrode array in cat sensory cortex}},
    year = {1998},
    journal = {Journal of Neuroscience Methods},
    author = {Rousche, Patrick J. and Normann, Richard A.},
    number = {1},
    pages = {1--15},
    volume = {82},
    isbn = {0165-0270},
    doi = {10.1016/S0165-0270(98)00031-4},
    issn = {01650270},
    pmid = {10223510},
    keywords = {Chronic implant, Cortical histology, Multielectrode array, Neural recordings}
}

@article{Lega2010a,
    title = {{Deep brain stimulation in the treatment of refractory epilepsy: Update on current data and future directions}},
    year = {2010},
    journal = {Neurobiology of Disease},
    author = {Lega, Bradley C. and Halpern, Casey H. and Jaggi, Jurg L. and Baltuch, Gordon H.},
    number = {3},
    pages = {354--360},
    volume = {38},
    publisher = {Elsevier Inc.},
    url = {http://dx.doi.org/10.1016/j.nbd.2009.07.007},
    isbn = {1095-953X (Electronic){\textbackslash}r0969-9961 (Linking)},
    doi = {10.1016/j.nbd.2009.07.007},
    issn = {09699961},
    pmid = {19631750},
    keywords = {Anterior thalamic nucleus, Centromedian nucleus, Deep brain stimulation, Epilepsy, SANTE trial}
}

@article{Tas2003,
    title = {{Design, fabrication and testing of laterally driven electrostatic motors employing walking motion and mechanical leverage}},
    year = {2003},
    journal = {Journal of Micromechanics and Microengineering},
    author = {Tas, N R and Sonnenberg, T and Molenaar, R and Elwenspoek, M},
    number = {1},
    month = {1},
    pages = {N6-N15},
    volume = {13},
    publisher = {IOP Publishing},
    url = {http://stacks.iop.org/0960-1317/13/i=1/a=402?key=crossref.95d862c673957623865de381740066c9},
    doi = {10.1088/0960-1317/13/1/402},
    issn = {0960-1317}
}

@article{Welkenhuysen2011,
    title = {{Effect of insertion speed on tissue response and insertion mechanics of a chronically implanted silicon-based neural probe}},
    year = {2011},
    journal = {IEEE Transactions on Biomedical Engineering},
    author = {Welkenhuysen, M. and Andrei, A. and Ameye, L. and Eberle, W. and Nuttin, B.},
    number = {11},
    pages = {3250--3259},
    volume = {58},
    isbn = {1558-2531 (Electronic){\textbackslash}r0018-9294 (Linking)},
    doi = {10.1109/TBME.2011.2166963},
    issn = {00189294},
    pmid = {21896383},
    arxivId = {10.1109/TBME.2011.2166963},
    keywords = {Force, insertion speed, rat, silicon electrode, tissue response}
}

@article{Merrill2005,
    title = {{Electrical stimulation of excitable tissue: Design of efficacious and safe protocols}},
    year = {2005},
    journal = {Journal of Neuroscience Methods},
    author = {Merrill, Daniel R. and Bikson, Marom and Jefferys, John G.R.},
    number = {2},
    pages = {171--198},
    volume = {141},
    isbn = {0165-0270 (Print){\textbackslash}r0165-0270 (Linking)},
    doi = {10.1016/j.jneumeth.2004.10.020},
    issn = {01650270},
    pmid = {15661300},
    keywords = {Efficacy, Electrode, Interface, Protocol, Safety, Stimulation}
}

@article{Muthuswamy2005,
    title = {{Electrostatic microactuators for precise positioning of neural microelectrodes}},
    year = {2005},
    journal = {IEEE Transactions on Biomedical Engineering},
    author = {Muthuswamy, Jit and Okandan, Murat and Jain, Tilak and Gilletti, Aaron},
    number = {10},
    pages = {1748--1755},
    volume = {52},
    isbn = {0018-9294},
    doi = {10.1109/TBME.2005.855712},
    issn = {00189294},
    pmid = {16235660},
    keywords = {Brain implants, MEMS, Microdrive, Multi-unit activity, Prostheses}
}

@article{Vitale2018,
    title = {{Fluidic Microactuation of Flexible Electrodes for Neural Recording}},
    year = {2018},
    journal = {Nano Letters},
    author = {Vitale, Flavia and Vercosa, Daniel G. and Rodriguez, Alexander V. and Pamulapati, Sushma Sri and Seibt, Frederik and Lewis, Eric and Yan, J. Stephen and Badhiwala, Krishna and Adnan, Mohammed and Royer-Carfagni, Gianni and Beierlein, Michael and Kemere, Caleb and Pasquali, Matteo and Robinson, Jacob T.},
    number = {1},
    month = {1},
    pages = {326--335},
    volume = {18},
    publisher = {American Chemical Society},
    url = {http://pubs.acs.org/doi/10.1021/acs.nanolett.7b04184},
    doi = {10.1021/acs.nanolett.7b04184},
    issn = {1530-6984},
    keywords = {Flexible microelectrodes, carbon nanotube fibers, microfluidics, neural interfaces, neurophysiology}
}

@article{Patel2015,
    title = {{Insertion of linear 8.4 {$\mu$}m diameter 16 channel carbon fiber electrode arrays for single unit recordings}},
    year = {2015},
    journal = {Journal of Neural Engineering},
    author = {Patel, Paras R. and Na, Kyounghwan and Zhang, Huanan and Kozai, Takashi D.Y. and Kotov, Nicholas A. and Yoon, Euisik and Chestek, Cynthia A.},
    number = {4},
    pages = {46009},
    volume = {12},
    publisher = {IOP Publishing},
    url = {http://dx.doi.org/10.1088/1741-2560/12/4/046009},
    isbn = {0324141122},
    doi = {10.1088/1741-2560/12/4/046009},
    issn = {17412552},
    pmid = {26035638},
    arxivId = {15334406},
    keywords = {MEAs, carbon electrodes, microelectrodes, neural probes}
}

@article{Jackson2010,
    title = {{Long-Term Neural Recordings Using MEMS Based Movable Microelectrodes in the Brain.}},
    year = {2010},
    journal = {Frontiers in neuroengineering},
    author = {Jackson, Nathan and Sridharan, Arati and Anand, Sindhu and Baker, Michael and Okandan, Murat and Muthuswamy, Jit},
    number = {June},
    pages = {10},
    volume = {3},
    isbn = {1662-6443},
    doi = {10.3389/fneng.2010.00010},
    issn = {1662-6443},
    pmid = {20617188},
    keywords = {brain machine interface, chronic brain implant, neural interface, neural prostheses, neural prosthesis, neuronal recordings, polysilicon, single unit activity}
}

@article{Leis2000,
    title = {{Model-based analysis and design of nerve cuff electrodes for restoring bladder function by selective stimulation of the pudendal nerve}},
    year = {2000},
    journal = {Journal of Neural Engineering},
    author = {{Leis} and {Trapani}},
    number = {3},
    pages = {157--162},
    volume = {10},
    doi = {10.1088/1741-2560/10/3/036010.Model-based}
}

@article{Chen2017,
    title = {{Neural recording and modulation technologies}},
    year = {2017},
    journal = {Nature Reviews Materials},
    author = {Chen, Ritchie and Canales, Andres and Anikeeva, Polina},
    number = {2},
    month = {2},
    pages = {16093},
    volume = {2},
    publisher = {Nature Publishing Group},
    url = {http://www.nature.com/articles/natrevmats201693},
    doi = {10.1038/natrevmats.2016.93},
    issn = {2058-8437},
    keywords = {Biomedical engineering, Biosensors, Imaging techniques and agents, Implants}
}

@article{Penskiy2013,
    title = {{Optimized electrostatic inchworm motors using a flexible driving arm}},
    year = {2013},
    journal = {Journal of Micromechanics and Microengineering},
    author = {Penskiy, I. and Bergbreiter, S.},
    number = {1},
    volume = {23},
    doi = {10.1088/0960-1317/23/1/015018},
    issn = {09601317}
}

@article{Deepthi2010,
    title = {{Rheometric Studies on Agarose Gel- A Brain Mimic Material}},
    year = {2010},
    journal = {Sastech},
    author = {Deepthi, R. and Bhargavi, R. and Jagadeesh, K. and Vijaya, M. S.},
    number = {2},
    pages = {27--30},
    volume = {9},
    keywords = {agar gel, brain mimicking material, complex shear modulus, rheometric studies}
}

@article{Yeh2002,
    title = {{Single mask, large force, and large displacement electrostatic linear inchworm motors}},
    year = {2002},
    journal = {Journal of Microelectromechanical Systems},
    author = {Yeh, Richard and Hollar, Seth and Pister, Kristofer S.J.},
    number = {4},
    pages = {330--336},
    volume = {11},
    isbn = {0-7803-5998-4},
    doi = {10.1109/JMEMS.2002.800937},
    issn = {10577157},
    keywords = {Actuators, Electrostatics, Gap closing, Inchworm motors, Microrobots}
}

@article{Apollo2015a,
    title = {{Soft, Flexible Freestanding Neural Stimulation and Recording Electrodes Fabricated from Reduced Graphene Oxide}},
    year = {2015},
    journal = {Advanced Functional Materials},
    author = {Apollo, Nicholas V. and Maturana, Matias I. and Tong, Wei and Nayagam, David A.X. and Shivdasani, Mohit N. and Foroughi, Javad and Wallace, Gordon G. and Prawer, Steven and Ibbotson, Michael R. and Garrett, David J.},
    number = {23},
    pages = {3551--3559},
    volume = {25},
    isbn = {1616-301X},
    doi = {10.1002/adfm.201500110},
    issn = {16163028},
    keywords = {electrode, graphene oxide, neural interface, neural stimulation}
}

@article{YoshidaKozai2012,
    title = {{Ultrasmall implantable composite microelectrodes with bioactive surfaces for chronic neural interfaces}},
    year = {2012},
    journal = {Nature Materials},
    author = {Yoshida Kozai, Takashi D. and Langhals, Nicholas B. and Patel, Paras R. and Deng, Xiaopei and Zhang, Huanan and Smith, Karen L. and Lahann, Joerg and Kotov, Nicholas A. and Kipke, Daryl R.},
    number = {12},
    pages = {1065--1073},
    volume = {11},
    publisher = {Nature Publishing Group},
    url = {http://dx.doi.org/10.1038/nmat3468},
    isbn = {1476-1122},
    doi = {10.1038/nmat3468},
    issn = {14761122},
    pmid = {23142839},
    arxivId = {NIHMS150003}
}

@article{Kozai2012,
    title = {{Ultrasmall implantable composite microelectrodes with bioactive surfaces for chronic neural interfaces}},
    year = {2012},
    journal = {Nature Materials},
    author = {Kozai, Takashi D. Yoshida and Langhals, Nicholas B. and Patel, Paras R. and Deng, Xiaopei and Zhang, Huanan and Smith, Karen L. and Lahann, Joerg and Kotov, Nicholas A. and Kipke, Daryl R.},
    number = {12},
    month = {12},
    pages = {1065--1073},
    volume = {11},
    publisher = {Nature Publishing Group},
    url = {http://www.nature.com/articles/nmat3468},
    doi = {10.1038/nmat3468},
    issn = {1476-1122},
    keywords = {Characterization and analytical techniques, Composites, Implants, Neuroscience}
}

@article{Kong2011Patent,
    title = {{( 12 ) United States Patent}},
    year = {2011},
    author = {Kong, Shiao-tong and Application, Foreign and Data, Priority},
    number = {12},
    pages = {12--15},
    volume = {2},
    isbn = {2004001828},
    doi = {10.1016/j.(73)},
    issn = {2004001828},
    pmid = {1000182772},
    arxivId = {arXiv:1208.5721}
}

@misc{2ndAREA,
    title = {{2nd MOMENT of AREA}},
    url = {http://www.learneasy.info/MDME/MEMmods/MEM30006A/Area_Moment/Area_Moment.html}
}

@article{MaksimovicAPower,
    title = {{A Fully Integrated , Crystal-Free , Self Clocked , Ultra Low-Power BLE Advertising Transmitter with 4 {\%} System Efficiency at 0 . 8V Supply and -12 dBm Output Power}},
    author = {Maksimovic, Filip and Zoll, Rachel and Burnett, David and Wheeler, Brad and Khan, Osama and Niknejad, Ali and Pister, Kris},
    pages = {2--3}
}

@article{Rapoport2012AInterfaces,
    title = {{A glucose fuel cell for implantable brain-machine interfaces}},
    year = {2012},
    journal = {PLoS ONE},
    author = {Rapoport, Benjamin I. and Kedzierski, Jakub T. and Sarpeshkar, Rahul},
    number = {6},
    pages = {1--15},
    volume = {7},
    isbn = {1932-6203},
    doi = {10.1371/journal.pone.0038436},
    issn = {19326203},
    pmid = {22719888}
}

@article{Eckhorn1993AProbes,
    title = {{A new method for the insertion of multiple microprobes into neural and muscular tissue, including fiber electrodes, fine wires, needles and microsensors 1 Tissue penetration with thin-shaft probes}},
    year = {1993},
    journal = {Journal of Neuroscience Methods},
    author = {Eckhorn, Reinhard and Thomas, Uwe},
    pages = {175--179},
    volume = {49},
    url = {https://ac.els-cdn.com/0165027093901217/1-s2.0-0165027093901217-main.pdf?_tid=3a96cdf9-6110-4eee-8acb-e3d497c3f904&acdnat=1531185972_6f713f776fc4a79229f5a4583ba972d1}
}

@article{Diaz-Botia2017ARecording,
    title = {{A silicon carbide array for electrocorticography and peripheral nerve recording}},
    year = {2017},
    journal = {Journal of Neural Engineering},
    author = {Diaz-Botia, C A and Luna, L E and Neely, R M and Chamanzar, M and Carraro, C and Carmena, J M and Sabes, P N and Maboudian, R and Maharbiz, M M},
    number = {5},
    month = {10},
    pages = {056006},
    volume = {14},
    publisher = {IOP Publishing},
    url = {http://stacks.iop.org/1741-2552/14/i=5/a=056006?key=crossref.0ed900850ca5d59fe12dbd79f2574b39},
    doi = {10.1088/1741-2552/aa7698},
    issn = {1741-2560}
}

@article{Feingold2012APrimates.,
    title = {{A system for recording neural activity chronically and simultaneously from multiple cortical and subcortical regions in nonhuman primates.}},
    year = {2012},
    journal = {Journal of neurophysiology},
    author = {Feingold, Joseph and Desrochers, Theresa M and Fujii, Naotaka and Harlan, Ray and Tierney, Patrick L and Shimazu, Hideki and Amemori, Ken-Ichi and Graybiel, Ann M},
    number = {7},
    month = {4},
    pages = {1979--95},
    volume = {107},
    publisher = {American Physiological Society},
    url = {http://www.ncbi.nlm.nih.gov/pubmed/22170970 http://www.pubmedcentral.nih.gov/articlerender.fcgi?artid=PMC3331661},
    doi = {10.1152/jn.00625.2011},
    issn = {1522-1598},
    pmid = {22170970}
}

@article{Jensen2003AssessmentCortex,
    title = {{Assessment of subdural insertion force of single-tine microelectrodes in rat cerebral cortex}},
    year = {2003},
    journal = {Proceedings of the 25th Annual International Conference of the IEEE Engineering in Medicine and Biology Society (IEEE Cat. No.03CH37439)},
    author = {Jensen, W. and Hofmann, U.G. and Yoshida, K.},
    number = {June 2014},
    pages = {2168--2171},
    url = {http://ieeexplore.ieee.org/document/1280170/},
    isbn = {0-7803-7789-3},
    doi = {10.1109/IEMBS.2003.1280170},
    issn = {1094-687X},
    keywords = {a high, be necessary to study, cortex, in-vivo, insertion force, microelectrode, number of channels may, rat, recent studies indicate that, the temporal, vsamuel, within rehabilitation}
}

@article{Ma2016Bi-BCM:Mechanisms,
    title = {{Bi-BCM: A Closed-Form Solution for Fixed-Guided Beams in Compliant Mechanisms}},
    year = {2016},
    journal = {Journal of Mechanisms and Robotics},
    author = {Ma, Fulei and Chen, Guimin},
    number = {1},
    month = {11},
    pages = {014501},
    volume = {9},
    publisher = {American Society of Mechanical Engineers},
    url = {http://mechanismsrobotics.asmedigitalcollection.asme.org/article.aspx?doi=10.1115/1.4035084},
    doi = {10.1115/1.4035084},
    issn = {1942-4302},
    keywords = {Compliant mechanisms, Deflection, Microactuators, Stress}
}

@article{Gillis2018CarbonUltra-microelectrodes,
    title = {{Carbon fiber on polyimide ultra-microelectrodes}},
    year = {2018},
    journal = {Journal of Neural Engineering},
    author = {Gillis, Winthrop F and Lissandrello, Charles A and Shen, Jun and Pearre, Ben W and Mertiri, Alket and Deku, Felix and Cogan, Stuart and Holinski, Bradley J and Chew, Daniel J and White, Alice E and Otchy, Timothy M and Gardner, Timothy J},
    number = {1},
    month = {2},
    pages = {016010},
    volume = {15},
    publisher = {IOP Publishing},
    url = {http://stacks.iop.org/1741-2552/15/i=1/a=016010?key=crossref.b6af043bf984eb118566b68e9f3e701f},
    doi = {10.1088/1741-2552/aa8c88},
    issn = {1741-2560}
}

@article{Patel2016ChronicArrays.,
    title = {{Chronic in vivo stability assessment of carbon fiber microelectrode arrays.}},
    year = {2016},
    journal = {Journal of neural engineering},
    author = {Patel, Paras R and Zhang, Huanan and Robbins, Matthew T and Nofar, Justin B and Marshall, Shaun P and Kobylarek, Michael J and Kozai, Takashi D Y and Kotov, Nicholas A and Chestek, Cynthia A},
    number = {6},
    month = {12},
    pages = {066002},
    volume = {13},
    publisher = {NIH Public Access},
    url = {http://www.ncbi.nlm.nih.gov/pubmed/27705958 http://www.pubmedcentral.nih.gov/articlerender.fcgi?artid=PMC5118062},
    doi = {10.1088/1741-2560/13/6/066002},
    issn = {1741-2552},
    pmid = {27705958},
    keywords = {Animals, Astrocytes, Carbon, Cell Count, Electrodes, Implanted, Electrophysiological Phenomena, Microcomputers, Microelectrodes, Microglia, Motor Cortex, Neurons, Rats, Signal-To-Noise Ratio, Silicon}
}

@article{Hosseini2007ComparativeMicroprobes,
    title = {{Comparative study on the insertion behavior of cerebral microprobes}},
    year = {2007},
    journal = {Annual International Conference of the IEEE Engineering in Medicine and Biology - Proceedings},
    author = {Hosseini, Neda Haj and Hoffmann, Rüdiger and Kisban, Sebastian and Stieglitz, Thomas and Paul, Oliver and Ruther, Patrick},
    number = {c},
    pages = {4711--4714},
    isbn = {1424407885},
    doi = {10.1109/IEMBS.2007.4353391},
    issn = {05891019},
    pmid = {18003057}
}

@article{Polanco2016ComputationalMotion,
    title = {{Computational assessment of neural probe and brain tissue interface under transient motion}},
    year = {2016},
    journal = {Biosensors},
    author = {Polanco, Michael and Bawab, Sebastian and Yoon, Hargsoon},
    number = {2},
    pages = {1--13},
    volume = {6},
    doi = {10.3390/bios6020027},
    issn = {20796374},
    pmid = {27322338},
    keywords = {Brain, Finite element analysis, Neural electrodes, Viscoelasticity}
}

@article{Dagdeviren2014ConformalDiaphragm,
    title = {{Conformal piezoelectric energy harvesting and storage from motions of the heart, lung, and diaphragm}},
    year = {2014},
    journal = {Proceedings of the National Academy of Sciences},
    author = {Dagdeviren, Canan and Yang, Byung Duk and Su, Yewang and Tran, Phat L. and Joe, Pauline and Anderson, Eric and Xia, Jing and Doraiswamy, Vijay and Dehdashti, Behrooz and Feng, Xue and Lu, Bingwei and Poston, Robert and Khalpey, Zain and Ghaffari, Roozbeh and Huang, Yonggang and Slepian, Marvin J. and Rogers, John A.},
    number = {5},
    pages = {1927--1932},
    volume = {111},
    url = {http://www.pnas.org/lookup/doi/10.1073/pnas.1317233111},
    isbn = {0027-8424},
    doi = {10.1073/pnas.1317233111},
    issn = {0027-8424},
    pmid = {24449853}
}

@article{Malaga2015Data-drivenPrimates,
    title = {{Data-driven model comparing the effects of glial scarring and interface interactions on chronic neural recordings in non-human primates}},
    year = {2015},
    journal = {Journal of Neural Engineering},
    author = {Malaga, Karlo A. and Schroeder, Karen E. and Patel, Paras R. and Irwin, Zachary T. and Thompson, David E. and Nicole Bentley, J. and Lempka, Scott F. and Chestek, Cynthia A. and Patil, Parag G.},
    number = {1},
    pages = {16010},
    volume = {13},
    publisher = {IOP Publishing},
    url = {http://dx.doi.org/10.1088/1741-2560/13/1/016010},
    isbn = {doi:10.1088/1741-2560/13/1/016010},
    doi = {10.1088/1741-2560/13/1/016010},
    issn = {17412552},
    pmid = {26655972},
    keywords = {brainmachine interface, computational model, neural recording}
}

@article{Yagi2015DissolvableMicroneedles,
    title = {{Dissolvable Base Scaffolds Allow Tissue Penetration of High-Aspect-Ratio Flexible Microneedles}},
    year = {2015},
    journal = {Advanced Healthcare Materials},
    author = {Yagi, Satoshi and Yamagiwa, Shota and Kubota, Yoshihiro and Sawahata, Hirohito and Numano, Rika and Imashioya, Tatsuya and Oi, Hideo and Ishida, Makoto and Kawano, Takeshi},
    number = {13},
    pages = {1949--1955},
    volume = {4},
    doi = {10.1002/adhm.201500305},
    issn = {21922659},
    pmid = {26239876},
    keywords = {Brain, Microneedles, Penetration, Silicon, Silk}
}

@article{Contreras2016DurabilityMicrorobotics,
    title = {{Durability of silicon pin-joints for microrobotics}},
    year = {2016},
    journal = {2016 International Conference on Manipulation, Automation and Robotics at Small Scales, MARSS 2016},
    author = {Contreras, Daniel S. and Pister, Kristofer S.J.},
    isbn = {9781509015108},
    doi = {10.1109/MARSS.2016.7561749},
    keywords = {MEMS, friction, joints, legs, microrobot, silicon}
}

@article{Drew2017FirstEngine,
    title = {{First thrust from a microfabricated atmospheric ion engine}},
    year = {2017},
    journal = {Proceedings of the IEEE International Conference on Micro Electro Mechanical Systems (MEMS)},
    author = {Drew, Daniel and Contreras, Daniel S. and Pister, Kristofer S.J.},
    number = {5},
    pages = {346--349},
    isbn = {9781509050789},
    doi = {10.1109/MEMSYS.2017.7863412},
    issn = {10846999}
}

@article{Hanson2016FlexibleRecording,
    title = {{Flexible Electrodes and Insertion Machine for Stable , Minimally-Invasive Neural Recording}},
    year = {2016},
    author = {Hanson, Tim and Sabes, Philip and Maharbiz, Michel},
    number = {March 2014},
    pages = {2014}
}

@inproceedings{OBrien2001FlexibleDevices,
    title = {{Flexible microelectrode arrays with integrated insertion devices}},
    year = {2001},
    booktitle = {Technical Digest. MEMS 2001. 14th IEEE International Conference on Micro Electro Mechanical Systems (Cat. No.01CH37090)},
    author = {O'Brien, D.P. and Nichols, T.R. and Allen, M.G.},
    pages = {216--219},
    publisher = {IEEE},
    url = {http://ieeexplore.ieee.org/document/906517/},
    isbn = {0-7803-5998-4},
    doi = {10.1109/MEMSYS.2001.906517}
}

@article{Sounart2005Frequency-DependentMEMS,
    title = {{Frequency-Dependent Electrostatic Actuation in Micro uidic MEMS}},
    year = {2005},
    journal = {Journal Of Microelectromechanical Systems},
    author = {Sounart, Thomas L and Michalske, Terry A and Zavadil, Kevin R},
    number = {1},
    pages = {125--133},
    volume = {14}
}

@article{Durai1997HumanMeasured,
    title = {{Human Durai Thickness Measured}},
    year = {1997},
    author = {Durai, Human and Measured, Thickness},
    pages = {725--730},
    keywords = {dura, intracranial, pressure, thickness}
}

@article{Kozai2012InProcesses,
    title = {{In vivo two-photon microscopy reveals immediate microglial reaction to implantation of microelectrode through extension of processes}},
    year = {2012},
    journal = {Journal of Neural Engineering},
    author = {Kozai, Takashi D Yoshida and Vazquez, Alberto L. and Weaver, Cassandra L. and Kim, Seong Gi and Cui, X. Tracy},
    number = {6},
    volume = {9},
    isbn = {1741-2552},
    doi = {10.1088/1741-2560/9/6/066001},
    issn = {17412560},
    pmid = {23075490}
}

@article{Egert2015INTRACORTICALSTABILITY,
    title = {{INTRACORTICAL NEURAL PROBES WITH POST-IMPLANT SELF-DEPLOYED ELECTRODES FOR IMPROVED CHRONIC STABILITY}},
    year = {2015},
    journal = {Thesis},
    author = {Egert, Daniel G D},
    url = {https://deepblue.lib.umich.edu/bitstream/handle/2027.42/113317/egertd_1.pdf?sequence=1&isAllowed=y}
}

@article{Howard1999MeasurementTissue,
    title = {{Measurement of the force required to move a neurosurgical probe through in vivo human brain tissue}},
    year = {1999},
    journal = {IEEE Transactions on Biomedical Engineering},
    author = {Howard, Matthew A. and Abkes, Bruce A. and Ollendieck, Michael C. and Noh, Myounggyu D. and Ritter, Rogers C. and Gillies, George T.},
    number = {7},
    pages = {891--894},
    volume = {46},
    isbn = {0018-9294 VO  - 46},
    doi = {10.1109/10.771205},
    issn = {00189294},
    pmid = {10396907},
    keywords = {Bulk brain tissue, Friction, Magnetic stereotaxis, Penetration force, Robotic stereotaxis.}
}

@article{Goldstein1973MechanicalMicroelectrodes,
    title = {{Mechanical Factors in the Design of Chronic Recording Intracortical Microelectrodes}},
    year = {1973},
    journal = {IEEE Transactions on Biomedical Engineering},
    author = {Goldstein, Seth R. and Salcman, Michael},
    number = {4},
    month = {7},
    pages = {260--269},
    volume = {BME-20},
    url = {http://ieeexplore.ieee.org/document/4120642/},
    doi = {10.1109/TBME.1973.324190},
    issn = {0018-9294}
}

@article{MedtronicMedtronic3389,
    title = {{Medtronic Lead Kit for Deep Brain Stimulation 3387 {\&} 3389}},
    journal = {English},
    author = {{Medtronic}}
}

@misc{Meninges:Layers,
    title = {{Meninges: Function and Layers}},
    url = {https://www.thoughtco.com/brain-anatomy-meninges-4018883}
}

@article{Fee2001MiniatureAnimals,
    title = {{Miniature motorized microdrive and commutator system for chronic neural recording in small animals}},
    year = {2001},
    journal = {Journal of Neuroscience Methods},
    author = {Fee, Michale and Leonardo, Anthony},
    pages = {83--94},
    url = {ftp://ftp.uady.mx/pub/tmp/smagana/Bibliografia/ArticulosMicrodrives/Miniature%20motorized%20%2326C92F.pdf}
}

@article{Tian2005MonitoringElectrodes.,
    title = {{Monitoring Insertion Force and Electrode Impedance during Implantation of Microwire Electrodes.}},
    year = {2005},
    journal = {Conference proceedings : ... Annual International Conference of the IEEE Engineering in Medicine and Biology Society. IEEE Engineering in Medicine and Biology Society. Conference},
    author = {Tian, Chunxiang and He, Jiping},
    pages = {7333--6},
    volume = {7},
    url = {http://www.ncbi.nlm.nih.gov/pubmed/17281974},
    isbn = {0780387406},
    doi = {10.1109/IEMBS.2005.1616205},
    issn = {1557-170X},
    pmid = {17281974}
}

@article{Monopolar:,
    title = {{Monopolar Microelectrode with Pin Connector :}},
    pages = {75}
}

@misc{Mozilla.pdf,
    title = {{mozilla.pdf}}
}

@article{Materials2018Non-dimensionalSystems,
    title = {{Non-dimensional analysis of depth, orientation, and alignment in acoustic power transfer systems}},
    year = {2018},
    author = {Materials, Smart}
}

@article{Jehani2011PeripheralPain,
    title = {{Peripheral Nerve Stimulation for Chronic Neurogenic Pain}},
    year = {2011},
    journal = {Progress in Neurological Surg},
    author = {Jehani, Hosam Al- and Jacques, Line},
    pages = {27--40},
    volume = {24}
}

@article{Olamat2010PhysicalTissue,
    title = {{Physical and FEM simulation of Microprobe Insertion into a Model of Brain Tissue}},
    year = {2010},
    journal = {COMSOL Conference Paris},
    author = {Olamat, a E},
    pages = {-},
    keywords = {In, Microprobe, analysis, at, behavior, block, brain, brain tissue, comparison, computational, computational model, deformation, design, dimpling, effect, elasticity, experimental, force, forces, insertion, insertion speed, material, material properties, materials, mechanical, membrane, model, models, motion, multilayer, physical, reaction, results, simulation, stress, structure, tissue, tissue deformation, tissue structure}
}

@article{Marblestone2013PhysicalRecording,
    title = {{Physical Principles for Scalable Neural Recording}},
    year = {2013},
    author = {Marblestone, Adam H and Zamft, Bradley M and Maguire, Yael G and Shapiro, Mikhail G and Cybulski, Thaddeus R and Glaser, Joshua I and Amodei, Dario and Stranges, P Benjamin and Kalhor, Reza and Dalrymple, David A and Seo, Dongjin and Alon, Elad and Maharbiz, Michel M and Carmena, Jose M and Rabaey, Jan M and Boyden, Edward S and Church, George M and Kording, Konrad P},
    pages = {1--49}
}

@article{Salatino2017PublisherBrain,
    title = {{Publisher Correction: Glial responses to implanted electrodes in the brain}},
    year = {2017},
    journal = {Nature Biomedical Engineering},
    author = {Salatino, Joseph W. and Ludwig, Kip A. and Kozai, Takashi D.Y. and Purcell, Erin K.},
    number = {November},
    pages = {1},
    volume = {1},
    publisher = {Springer US},
    url = {http://dx.doi.org/10.1038/s41551-017-0154-1},
    isbn = {9781405198431},
    doi = {10.1038/s41551-017-0177-7},
    issn = {2157846X}
}

@article{Nordhausen1996SingleArray,
    title = {{Single unit recording capabilities of a 100 microelectrode array}},
    year = {1996},
    journal = {Brain Research},
    author = {Nordhausen, Craig T. and Maynard, Edwin M. and Normann, Richard A.},
    number = {1-2},
    pages = {129--140},
    volume = {726},
    isbn = {0006-8993},
    doi = {10.1016/S0006-8993(96)00321-6},
    issn = {00068993},
    pmid = {8836553},
    keywords = {Electrode array, Electrophysiology, Multielectrode, Parallel processing, Recording, Visual cortex}
}

@article{BeMent1986Solid-StateRecording,
    title = {{Solid-State Electrodes for Multichannel Multiplexed Intracortical Neuronal Recording}},
    year = {1986},
    journal = {IEEE Transactions on Biomedical Engineering},
    author = {BeMent, Spencer L. and Wise, Kensall D. and Anderson, David J. and Najafi, Khalil and Drake, Kenneth L.},
    number = {2},
    month = {2},
    pages = {230--241},
    volume = {BME-33},
    url = {http://ieeexplore.ieee.org/document/4122264/},
    doi = {10.1109/TBME.1986.325895},
    issn = {0018-9294}
}

@article{Najafi1990StrengthTissues,
    title = {{Strength Characterization of Silicon Microprobes in Neurophysiological Tissues}},
    year = {1990},
    journal = {IEEE Transactions on Biomedical Engineering},
    author = {Najafi, Khalil and Hetke, Jamille F.},
    number = {5},
    pages = {474--481},
    volume = {37},
    isbn = {0018-9294},
    doi = {10.1109/10.55638},
    issn = {15582531},
    pmid = {2345003}
}

@article{Jensen2003SubduralForce,
    title = {{Subdural Insertion Force}},
    year = {2003},
    journal = {Area},
    author = {Jensen, W and Yoshida, K},
    pages = {2168--2171},
    isbn = {0780377893},
    keywords = {- vsamuel, a high, be necessary to study, cortex, in-vivo, insertion force, microelectrode, number of channels may, rat, recent studies indicate that, the temporal, within rehabilitation}
}

@article{Liu2015Syringe-injectableElectronics,
    title = {{Syringe-injectable electronics}},
    year = {2015},
    journal = {Nature Nanotechnology},
    author = {Liu, Jia and Fu, Tian-Ming and Cheng, Zengguang and Hong, Guosong and Zhou, Tao and Jin, Lihua and Duvvuri, Madhavi and Jiang, Zhe and Kruskal, Peter and Xie, Chong and Suo, Zhigang and Fang, Ying and Lieber, Charles M.},
    number = {7},
    month = {7},
    pages = {629--636},
    volume = {10},
    publisher = {Nature Publishing Group},
    url = {http://www.nature.com/articles/nnano.2015.115},
    doi = {10.1038/nnano.2015.115},
    issn = {1748-3387},
    keywords = {Nanosensors}
}

@article{DrewTAKEOFFDISCHARGE,
    title = {{TAKEOFF OF A FLYING MICROROBOT WITH COTS SENSOR PAYLOAD USING ELECTROHYDRODYNAMIC THRUST PRODUCED BY SUB-MILLIMETER CORONA DISCHARGE}},
    author = {Drew, Daniel S and Pister, Kristofer S J and Sensor, Berkeley and Berkeley, U C},
    number = {2},
    pages = {3--6}
}

@article{Lagace2009TheLecture,
    title = {{The Column and Buckling: Lecture}},
    year = {2009},
    author = {Lagace, Paul A.},
    pages = {1--47}
}

@article{Muthuswamy2005TissueImplants,
    title = {{Tissue micromotion induced stress around brain implants}},
    year = {2005},
    journal = {2005 3rd IEEE/EMBS Special Topic Conference on Microtechnology in Medicine and Biology},
    author = {Muthuswamy, J. and Saha, R. and Gilletti, A.},
    number = {May},
    pages = {102--103},
    volume = {2005},
    isbn = {0780387112},
    doi = {10.1109/MMB.2005.1548395}
}

@article{Drew2018TowardParts,
    title = {{Toward Controlled Flight of the Ionocraft: A Flying Microrobot Using Electrohydrodynamic Thrust With Onboard Sensing and No Moving Parts}},
    year = {2018},
    journal = {IEEE Robotics and Automation Letters},
    author = {Drew, Daniel S. and Lambert, Nathan O. and Schindler, Craig B. and Pister, Kristofer S. J.},
    number = {4},
    pages = {2807--2813},
    volume = {3},
    url = {https://ieeexplore.ieee.org/document/8373697/},
    doi = {10.1109/LRA.2018.2844461},
    issn = {2377-3766}
}

@article{Hamann2013VagusFailure.,
    title = {{Vagus nerve stimulation improves left ventricular function in a canine model of chronic heart failure.}},
    year = {2013},
    journal = {European journal of heart failure},
    author = {Hamann, Jason J and Ruble, Stephen B and Stolen, Craig and Wang, Mengjun and Gupta, Ramesh C and Rastogi, Sharad and Sabbah, Hani N},
    number = {12},
    month = {12},
    pages = {1319--26},
    volume = {15},
    publisher = {Oxford University Press},
    url = {http://www.ncbi.nlm.nih.gov/pubmed/23883651 http://www.pubmedcentral.nih.gov/articlerender.fcgi?artid=PMC3895958},
    doi = {10.1093/eurjhf/hft118},
    issn = {1879-0844},
    pmid = {23883651},
    keywords = {Autonomic nervous system, Heart failure, Neurostimulation, Parasympathetic, Vagal}
}

@article{Zhou2017WAND:Device,
    title = {{WAND: A 128-channel, closed-loop, wireless artifact-free neuromodulation device}},
    year = {2017},
    author = {Zhou, Andy and Santacruz, Samantha R. and Johnson, Benjamin C. and Alexandrov, George and Moin, Ali and Burghardt, Fred L. and Rabaey, Jan M. and Carmena, Jose M. and Muller, Rikky},
    month = {8},
    url = {http://arxiv.org/abs/1708.00556},
    arxivId = {1708.00556}
}

@article{Zhou2017WAND:Deviceb,
    title = {{WAND: A 128-channel, closed-loop, wireless artifact-free neuromodulation device}},
    year = {2017},
    journal = {arXiv},
    author = {Zhou, Andy and Santacruz, Samantha R and Johnson, Benjamin C and Alexandrov, George and Moin, Ali and Burghardt, Fred L and Rabaey, Jan M and Carmena, Jose M and Muller, Rikky},
    pages = {arXiv:1708.00556},
    url = {http://arxiv.org/abs/1708.00556v1},
    arxivId = {1708.00556}
}